% This file was created with JabRef 2.4.2.
% Encoding: UTF8

%%%
% % Hint for working with bibtex, literary sources and citations\footnote{\cite{texbibtut}}:
% % clean auxiliary files (google it, use editor command or see .gitignore)
% % then run the following 4 commands in command or bash:
% % build the .aux file telling bibtex what literature was cited
% pdflatex Projektdokumentation.tex
% % the .bib file is translated into the proper output for the references section with the .aux file
% bibtex Projektdokumentation
% % merge the reference section with our LaTeX document 
% pdflatex Projektdokumentation.tex
% % assign successive numbers in the last step
% pdflatex Projektdokumentation.tex
%%%

@misc{railsguides,
	Author = "http://guides.rubyonrails.org/v4.2/",
	Title  = "Ruby on Rails Guides (v4.2.10)",
	ISBN-13 = 978-1-934356-08-1,
	Version = 5.0,
	year   = 2015
}

@misc{bootstrap,
	Author = "http://getbootstrap.com/docs/3.3/css/",
	Title  = "CSS, Global CSS settings, fundamental HTML elements styled and enhanced with extensible classes, and an advanced grid system",
	note   = {\url{http://getbootstrap.com/docs/3.3/css/}, Aufgerufen2018-06-14},
	year   = 2011
}

@misc{haml,
	Author = "http://haml.info/tutorial.html",
	Title  = "Haml Tutorial",
	note   = {\url{http://haml.info/tutorial.html}, Aufgerufen 2018-06-14},
	year   = 2016 - 2017
}

@misc{texstudio,
	Author = "texstudio.sourceforge.net, Manual, User Manual",
	Title  = "TexStudio Manual, User Manual",
	note   = {\url{http://texstudio.sourceforge.net/manual/current/usermanual_en.html}, Aufgerufen 2018-06-14},
	year   = 2017
}

@misc{texbibtut,
	Author = "www.latex-tutorial.com, Tutorial, Bibtex",
	Title  = "Bibliography in LaTeX with Bibtex/Biblatex",
	note   = {\url{https://www.latex-tutorial.com/tutorials/beginners/latex-bibtex/}, Aufgerufen 2018-06-14},
	year   = 2015
}
